<record><leader>00000cas a22000007a 4500</leader><controlfield tag="001">8769888</controlfield><controlfield tag="008">820913d18661870inudr ne      0   a0eng  </controlfield><datafield ind1=" " ind2=" " tag="010"><subfield code="a">sn 82014296 </subfield></datafield><datafield ind1=" " ind2=" " tag="040"><subfield code="a">DLC</subfield><subfield code="b">eng</subfield><subfield code="c">DLC</subfield><subfield code="d">NPX</subfield><subfield code="d">NPI</subfield><subfield code="d">DLC</subfield><subfield code="d">NVF</subfield><subfield code="d">DLC</subfield></datafield><datafield ind1=" " ind2=" " tag="012"><subfield code="a">3</subfield></datafield><datafield ind1="0" ind2=" " tag="022"><subfield code="a">2381-3156</subfield><subfield code="2">1</subfield></datafield><datafield ind1=" " ind2=" " tag="042"><subfield code="a">msc</subfield><subfield code="a">nsdp</subfield></datafield><datafield ind1=" " ind2=" " tag="043"><subfield code="a">n-us-in</subfield></datafield><datafield ind1="0" ind2="0" tag="050"><subfield code="a">Newspaper</subfield></datafield><datafield ind1="0" ind2="0" tag="082"><subfield code="a">071</subfield><subfield code="2">23</subfield></datafield><datafield ind1="0" ind2=" " tag="130"><subfield code="a">Evansville journal (Evansville, Ind. : 1866)</subfield></datafield><datafield ind1=" " ind2="4" tag="222"><subfield code="a">The Evansville journal</subfield><subfield code="b">(Evansville, Ind. 1866. Print)</subfield></datafield><datafield ind1="0" ind2="4" tag="245"><subfield code="a">The Evansville journal.</subfield></datafield><datafield ind1=" " ind2=" " tag="260"><subfield code="a">Evansville, Ind. :</subfield><subfield code="b">Evansville Journal Co.,</subfield><subfield code="c">1866-1870.</subfield></datafield><datafield ind1=" " ind2=" " tag="300"><subfield code="a">5 v. ;</subfield><subfield code="c">63 cm.</subfield></datafield><datafield ind1=" " ind2=" " tag="310"><subfield code="a">Daily</subfield></datafield><datafield ind1=" " ind2=" " tag="321"><subfield code="a">Daily (except Sunday)</subfield><subfield code="b">&lt;Jan. 1-Dec. 31, 1869&gt;</subfield></datafield><datafield ind1="0" ind2=" " tag="362"><subfield code="a">Vol. 17 (Apr. 19, 1866)-v. 21 (Nov. 23, 1870).</subfield></datafield><datafield ind1=" " ind2=" " tag="525"><subfield code="a">Has occasional supplements.</subfield></datafield><datafield ind1=" " ind2=" " tag="530"><subfield code="a">Archived issues are available in digital format from the Library of Congress Chronicling America online collection.</subfield></datafield><datafield ind1=" " ind2=" " tag="580"><subfield code="a">Weekly eds.: Weekly Evansville journal, and: Dollar journal.</subfield></datafield><datafield ind1=" " ind2=" " tag="752"><subfield code="a">United States</subfield><subfield code="b">Indiana</subfield><subfield code="c">Vanderburgh</subfield><subfield code="d">Evansville.</subfield></datafield><datafield ind1="1" ind2=" " tag="775"><subfield code="t">Weekly Evansville journal</subfield><subfield code="w">(DLC)sn 83025628</subfield></datafield><datafield ind1="1" ind2=" " tag="775"><subfield code="t">Dollar journal</subfield><subfield code="w">(DLC)sn 82016318</subfield></datafield><datafield ind1="0" ind2=" " tag="775"><subfield code="t">Tri-weekly journal (Evansville, Ind.)</subfield><subfield code="w">(DLC)sn 86058890</subfield></datafield><datafield ind1="0" ind2="8" tag="776"><subfield code="i">Online version:</subfield><subfield code="t">Evansville journal (Evansville, Ind. : 1866)</subfield><subfield code="x">2381-3164</subfield><subfield code="w">(DLC)  2015218893</subfield><subfield code="w">(OCoLC)922978690</subfield></datafield><datafield ind1="0" ind2="0" tag="780"><subfield code="t">Evansville daily journal (Evansville, Ind. : 1863)</subfield><subfield code="w">(DLC)sn 86059181</subfield></datafield><datafield ind1="0" ind2="0" tag="785"><subfield code="t">Evansville daily journal (Evansville, Ind. : 1870)</subfield><subfield code="w">(DLC)sn 86058893</subfield></datafield><datafield ind1="4" ind2="1" tag="856"><subfield code="u">http://www.loc.gov/chroniclingamerica/lccn/sn82014296/issues</subfield></datafield><datafield ind1="1" ind2=" " tag="029"><subfield code="a">AU@</subfield><subfield code="b">000025816017</subfield></datafield></record>